\setlength{\parskip}{1em}

@book{robotics1,
  author    = "John J. Craig", 
  title     = "{Introduction to Robotics: Mechanics and Control}",
  year      = 1986
}

@book{robotics2,
  author    = "Simone Ceriani and Martino Migliavacca", 
  title     = "{Middleware in robotics. Advanced Methods of Information Technology for Autonomous Robotics. Internal Report For Advanced Methods of Information Technology for Authonomous Robotics, Politecnico di Milano, 2012.}"
}

@book{robotics3,
  author    = "J. Baillie and A. Demaille and Q. Hocquet and M. Nottale and S Tardieu", 
  title     = "{The Urbi Universal Platform for Robotics. Simulation, Modeling and Programming for Autonomous Robots. 4th International Conference, SIMPAR 2014, Bergamo, Italia, 2014.}"
}

@misc{robotics4,
	title = "Historia de la rob\'otica",
	howpublished = {\url{http://wiki.robotica.webs.upv.es/wiki-de-robotica/introduccion/historia/}}
}

@misc{robotics5,
  author = "Herman Bruyninckx and Peter Soetens",
	title = "{The OROCOS Project}",
	year = "2007",
	howpublished = {\url{https://people.mech.kuleuven.be/~orocos/pub/stable/documentation/rtt/v1.10.x/doc-xml/orocos-overview.html}}
}

@misc{robotics6,
  author = "Cyberbotics",
	title = "{Webots}",
	year = "2015",
	howpublished = {\url{https://www.cyberbotics.com/webots.php}}
}

@misc{robotics7,
  author = "AForge.NET",
	title = "{AForge.NET Framework}",
	howpublished = {\url{http://www.aforgenet.com/framework/}}
}

@misc{robotics8,
	title = "{Simulaci\'on en Gazebo}",
	howpublished = {\url{https://robologs.net/2016/06/25/gazebo-simulator-simular-un-robot-nunca-fue-tan-facil/}}
}

@misc{robotics9,
	title = "{Definici\'on de Robot}",
	howpublished = {\url{http://conceptodefinicion.de/robot/}}
}

@misc{robotics10,
	title = "{Definici\'on de Rob\'otica}",
	howpublished = {\url{https://www.definicionabc.com/tecnologia/robotica.php}},
}

@misc{robotics11,
  author = "Educatronics",
	title = "{Importancia de la Rob\'otica en la Educaci\'on. Ciencia, arte y arquitectura}",
	howpublished = {\url{http://educatronics.com/publicaciones/importancia-de-la-rob\%C3\%B3tica-en-la-educacion}}
}

@misc{robotics12,
	author    = {J.M. Ca'nas and A. Mart\'i and E. Perdices and F. Rivas and R. Calvo.}, 
	title = "{Entorno docente para la programaci\'on de la inteligencia de los robots. Revista Iberoamericana de Autom\'atica e Inform\'atica Industrial}",
	year = 2016,
  pages   = {1-12}
}

@misc{tfg1,
  author = "Irene Lope Rodr\'iguez.",
	title = "{Nuevas Pr\'acticas en el Entorno Docente de Rob'otica JdeRobot-Academy}",
	year = "2018"
}

@misc{tfg2,
  author = "Vanessa Fern\'andez Mart\'inez.",
	title = "{Nuevas Pr\'acticas en el Entorno Docente de Rob'otica JdeRobot-Academy}",
	year = "2017"
}

@misc{tfg3,
  author = "Carlos Awadallah Est\'evez.",
	title = "{Nuevas Pr\'acticas Docentes de Rob\'otica en el Entorno JdeRobot-Academy}",
	year = "2018"
}

@misc{desarrollo1,
  author = "Galo Fari'no R.",
	title = "{Modelo Espiral de un proyecto de desarrollo de software, Administraci\'on y Evaluaci\'on de Proyectos.}",
	howpublished = {\url{http://www.ojovisual.net/galofarino/modeloespiral.pdf}}
}

@misc{desarrollo2,
	title = "{Modelo de desarrollo en Espiral}",
	howpublished = {\url{https://pdfs.semanticscholar.org/presentation/2403/7678f5cfd0d23d1a7d59b9b9ff2babc31d99.pdf}}
}

@misc{simulacion1,
	title = "{Simulador Gazebo}",
	howpublished = {\url{https://dev.px4.io/en/simulation/gazebo.html}}
}

@misc{jderobot1,
	author    = {J.M Ca'nas}, 
	title = "{Programaci\'on de robots con la plataforma JdeRobot. Universidad de M\'alaga.}",
	journal = {PhD thesis, Universidad de M\'alaga.},
	year = 2009	
}

@misc{jderobot2,
	author    = {Jos\'e M. Ca'nas and Jos\'e A. Fern\'andez and Diego Jim\'enez and Jorge Vela}, 
	title = "{Programaci\'on de aplicaciones para drones con el entorno software JdeRobot. Congreso CivilDRON 2018}",
	journal = {CivilDRON'18},
	year = 2018	
}

@misc{python1,
	title = "{\textquestiondown Qu\'e es Python?}",
	howpublished = {\url{https://www.python.org/doc/essays/blurb/}},
}

@misc{python2,
	title = "{Historia de Python}",
	howpublished = {\url{https://www.codejobs.biz/es/blog/2013/03/03/historia-de-python}}
}

@misc{opencv1,
	title = "{Descripci\'on de OpenCV}",
	howpublished = {\url{https://opencv.org/about.html}}
}

@misc{sdf1,
	title = "{Definici\'on del fromato SDF}",
	howpublished = {\url{http://sdformat.org/}}
}

@misc{pyqt1,
	title = "{Qu\'e es y para qu\'e se usa la biblioteca PyQt5}",
	howpublished = {\url{https://pypi.org/project/PyQt5/}}
}

@misc{pyqt2,
	title = "{PyQt5}",
	howpublished = {\url{https://www.riverbankcomputing.com/software/pyqt/intro}}
}

@misc{jupyter1,
	title = "{Plataforma Jupyter, p\'agina oficial.}",
	howpublished = {\url{http://jupyter.org/}},
}

@misc{jupyter2,
	title = "{Gu\'ia de Jupyter Notebook}",
	howpublished = {\url{https://www.datacamp.com/community/tutorials/tutorial-jupyter-notebook}},
}

@misc{jupyter3,
	title = "{Jupyter Notebook, descripci\'on del proyecto}",
	howpublished = {\url{http://nbviewer.jupyter.org/github/jupyter/notebook/blob/master/docs/source/examples/Notebook/What\%20is\%20the\%20Jupyter\%20Notebook.ipynb\#}}
}

@misc{jupyter4,
	title = "{IPython3}",
	howpublished = {\url{https://ipython.org/ipython-doc/3/whatsnew/version3.html}}
}

@misc{camara1,
	title = "{Manual de la c\'amara Sony Evi d100p}",
	howpublished = {\url{https://www.manualslib.com/manual/157936/Sony-Evi-D100.html?page=3#manual}}
}

@misc{camara2,
	title = "{Digitalizadora Dazzle DVD Recorder HD}",
	howpublished = {\url{http://www.informaticamoderna.com/Captura_video_externo.htm}},
}

@misc{camara3,
	title = "{Driver usb\_cam}",
	howpublished = {\url{http://wiki.ros.org/usb_cam}},
}

@misc{followface1,
	title = "{Algoritmos de detecci\'on de caras}",
	howpublished = {\url{https://en.wikipedia.org/wiki/Face_detection#Definition_and_related_algorithms}}
}

@misc{followface2,
	title = "{Face Detection And Recognition}",
	howpublished = {\url{https://facedetection.com/algorithms/}}
}

@misc{followface3,
	title = "{Detecci\'on de rostros con OpenCV}",
	howpublished = {\url{https://www.superdatascience.com/opencv-face-detection/}}
}

@misc{followface4,
	author = {Paul  Viola and Michael J. Jones},
	title = "{Robust Real-Time Face Detection. SECOND INTERNATIONAL WORKSHOP ON STATISTICAL AND COMPUTATIONAL THEORIES OF VISION - MODELING, LEARNING, COMPUTING, AND SAMPLING. Vancouver, Canad\'a, 2001.}",
}

@misc{followface5,
	author = {Shai Shalev-Shwartz and Shai Ben-David},
	title = "{Understanding Machine Learning: From Theory to Algorithms}",
	year = 2014
}

@misc{matplotlib,
	title = "{Librer\'ia Matplotlib}",
	howpublished = {\url{https://matplotlib.org/users/pyplot_tutorial.html}}
}

@misc{types,
	title = "{Biblioteca types de Python}",
	howpublished = {\url{https://docs.python.org/2/library/types.html}}
}

@misc{laserloc1,
	title = "{Sensor l\'aser}",
	howpublished = {\url{http://wiki.robotica.webs.upv.es/wiki-de-robotica/sensores/sensores-proximidad/sensor-laser/}}
}

@misc{laserloc2,
	title = "{What is odometry?}",
	howpublished = {\url{https://groups.csail.mit.edu/drl/courses/cs54-2001s/odometry.html}}
}

@misc{laserloc3,
	title = "{Topics de ROS}",
	howpublished = {\url{http://wiki.ros.org/Topics}}
}

@misc{laserloc4,
	author = {M. Isard and A. Blake},
	title = "{Condensation-conditional density propagation for visual tracking}",
	howpublished = {Int. J. Computer Vision, in press},
	year = 1998
}

@misc{laserloc5,
	author = {S. Thrun},
	title = "{Probabilistic algorithms in robotics}",
	howpublished = {AI Magazine},
	year = 2000
}

@misc{laserloc6,
	author = {Andrew S. Glassner},
	title = "{An Introduction to Ray Tracing}",
	year = 1989
}

@ARTICLE{laserloc7,
	author    = {Dieter Fox and Wolfram Burgard and Frank Dellaert and Sebastian Thrun}, 
	title = "{Monte Carlo localization: efficient position estimation for mobile robots}",
	journal = {In Proceedings of the 16th AAAI National Conference on Artificial Intelligence},
	pages   = {343-349},
	note = "Orlando (Florida, USA), July 1999."	
}

@misc{laserloc8,
	author = {] D.J.C. Mackay},
	title = "{Introduction to Monte Carlo methods}",
	howpublished = {Cambridge University}
}

@ARTICLE{laserloc9,
	author    = {J. Alvarez Cedillo and E. Acosta Gonzaga and J. Herrera Lozada and T. Alvarez Sanchez and J. Sandoval Gutierrez and M. Aguilar Fernandez}, 
	title = "{PARTICLE FILTER BASED LOCALIZATION FOR A MOBILE ROBOT}",
	journal = {DYNA New Technologies},
	year = 2017	
}

@misc{kobuki,
	title = "{Robot Kobuki }",
	howpublished = {\url{http://kobuki.yujinrobot.com/wiki/online-user-guide/}}
}