\setlength{\parskip}{1em}

@book{robotics1,
  author    = "John J. Craig", 
  title     = "{Introduction to Robotics: Mechanics and Control}",
  year      = 1986
}

@book{robotics2,
  author    = "Simone Ceriani and Martino Migliavacca", 
  title     = "{Middleware in robotics. Advanced Methods of Information Technology for Autonomous Robotics. Internal Report For Advanced Methods of Information Technology for Authonomous Robotics, Politecnico di Milano, 2012.}"
}

@book{robotics3,
  author    = "J. Baillie and A. Demaille and Q. Hocquet and M. Nottale and S Tardieu", 
  title     = "{The Urbi Universal Platform for Robotics. Simulation, Modeling and Programming for Autonomous Robots. 4th International Conference, SIMPAR 2014, Bergamo, Italia, 2014.}"
}

@misc{robotics4,
	title = "Historia de la rob\'otica",
	howpublished = {\url{http://wiki.robotica.webs.upv.es/wiki-de-robotica/introduccion/historia/}}
}

@misc{robotics5,
  author = "Herman Bruyninckx and Peter Soetens",
	title = "{The OROCOS Project}",
	year = "2007",
	howpublished = {\url{https://people.mech.kuleuven.be/~orocos/pub/stable/documentation/rtt/v1.10.x/doc-xml/orocos-overview.html}}
}

@misc{robotics6,
  author = "Cyberbotics",
	title = "{Webots}",
	year = "2015",
	howpublished = {\url{https://www.cyberbotics.com/webots.php}}
}

@misc{robotics7,
  author = "AForge.NET",
	title = "{AForge.NET Framework}",
	howpublished = {\url{http://www.aforgenet.com/framework/}}
}

@misc{robotics8,
	title = "{Simulaci\'on en Gazebo}",
	howpublished = {\url{https://robologs.net/2016/06/25/gazebo-simulator-simular-un-robot-nunca-fue-tan-facil/}}
}

@misc{robotics9,
	title = "{Definici\'on de Robot}",
	howpublished = {\url{http://conceptodefinicion.de/robot/}}
}

@misc{robotics10,
	title = "{Definici\'on de Rob\'otica}",
	howpublished = {\url{https://www.definicionabc.com/tecnologia/robotica.php}},
}

@misc{robotics11,
  author = "Educatronics",
	title = "{Importancia de la Rob\'otica en la Educaci\'on. Ciencia, arte y arquitectura}",
	howpublished = {\url{http://educatronics.com/publicaciones/importancia-de-la-rob\%C3\%B3tica-en-la-educacion}}
}

@misc{robotics12,
	author    = {J.M. Ca'nas and A. Mart\'i and E. Perdices and F. Rivas and R. Calvo.}, 
	title = "{Entorno docente para la programaci\'on de la inteligencia de los robots. Revista Iberoamericana de Autom\'atica e Inform\'atica Industrial}",
	year = 2016,
    pages   = {1-12}
}

@misc{tfg1,
    author = "Irene Lope Rodr\'iguez.",
	title = "{Nuevas Pr\'acticas en el Entorno Docente de Rob'otica JdeRobot-Academy}",
	year = "2018"
}

@misc{tfg2,
    author = "Vanessa Fern\'andez Mart\'inez.",
	title = "{Nuevas Pr\'acticas en el Entorno Docente de Rob'otica JdeRobot-Academy}",
	year = "2017"
}

@misc{tfg3,
    author = "Carlos Awadallah Est\'evez.",
	title = "{Nuevas Pr\'acticas Docentes de Rob\'otica en el Entorno JdeRobot-Academy}",
	year = "2018"
}

@misc{desarrollo1,
    author = "Galo Fari'no R.",
	title = "{Modelo Espiral de un proyecto de desarrollo de software, Administraci\'on y Evaluaci\'on de Proyectos.}",
	howpublished = {\url{http://www.ojovisual.net/galofarino/modeloespiral.pdf}}
}

@misc{desarrollo2,
	title = "{Modelo de desarrollo en Espiral}",
	howpublished = {\url{https://pdfs.semanticscholar.org/presentation/2403/7678f5cfd0d23d1a7d59b9b9ff2babc31d99.pdf}}
}

@misc{simulacion1,
	title = "{Simulador Gazebo}",
	howpublished = {\url{https://dev.px4.io/en/simulation/gazebo.html}}
}

@misc{jderobot1,
	author    = {J.M Ca'nas}, 
	title = "{Programaci\'on de robots con la plataforma JdeRobot. Universidad de M\'alaga.}",
	journal = {PhD thesis, Universidad de M\'alaga.},
	year = 2009	
}

@misc{jderobot2,
	author    = {Jos\'e M. Ca'nas and Jos\'e A. Fern\'andez and Diego Jim\'enez and Jorge Vela}, 
	title = "{Programaci\'on de aplicaciones para drones con el entorno software JdeRobot. Congreso CivilDRON 2018}",
	journal = {CivilDRON'18},
	year = 2018	
}

@misc{python1,
	title = "{\textquestiondown Qu\'e es Python?}",
	howpublished = {\url{https://www.python.org/doc/essays/blurb/}},
}

@misc{python2,
	title = "{Historia de Python}",
	howpublished = {\url{https://www.codejobs.biz/es/blog/2013/03/03/historia-de-python}}
}

@misc{opencv1,
	title = "{Descripci\'on de OpenCV}",
	howpublished = {\url{https://opencv.org/about.html}}
}

@misc{sdf1,
	title = "{Definici\'on del fromato SDF}",
	howpublished = {\url{http://sdformat.org/}}
}

@misc{pyqt1,
	title = "{Qu\'e es y para qu\'e se usa la biblioteca PyQt5}",
	howpublished = {\url{https://pypi.org/project/PyQt5/}}
}

@misc{pyqt2,
	title = "{PyQt5}",
	howpublished = {\url{https://www.riverbankcomputing.com/software/pyqt/intro}}
}

@misc{jupyter1,
	title = "{Plataforma Jupyter, p\'agina oficial.}",
	howpublished = {\url{http://jupyter.org/}},
}

@misc{jupyter2,
	title = "{Gu\'ia de Jupyter Notebook}",
	howpublished = {\url{https://www.datacamp.com/community/tutorials/tutorial-jupyter-notebook}},
}

@misc{jupyter3,
	title = "{Jupyter Notebook, descripci\'on del proyecto}",
	howpublished = {\url{http://nbviewer.jupyter.org/github/jupyter/notebook/blob/master/docs/source/examples/Notebook/What\%20is\%20the\%20Jupyter\%20Notebook.ipynb\#}}
}

@misc{jupyter4,
	title = "{IPython3}",
	howpublished = {\url{https://ipython.org/ipython-doc/3/whatsnew/version3.html}}
}

@misc{matplotlib,
	title = "{Librer\'ia Matplotlib}",
	howpublished = {\url{https://matplotlib.org/users/pyplot_tutorial.html}}
}

@misc{types,
	title = "{Biblioteca types de Python}",
	howpublished = {\url{https://docs.python.org/2/library/types.html}}
}

@misc{chrono1,
	title = "{What is odometry?}",
	howpublished = {\url{https://groups.csail.mit.edu/drl/courses/cs54-2001s/odometry.html}}
}

@misc{chrono2,
	title = "{Odometry}",
	howpublished = {\url{https://es.coursera.org/lecture/mobile-robot/odometry-L4gPH}}
}

@misc{chrono3,
	author    = {Mordechai Ben-Ari and Francesco Mondada}, 
	title = "{Elements of Robotics}",
	year = 2017
}

@misc{chrono4,
    author =  {Chris Clark},
	title = "{ARW – Lecture 01 Odometry Kinematics}",
	year = 2016
}

@misc{chrono5,
	title = "{nav\_msgs/Odometry Message}",
	howpublished = {\url{http://docs.ros.org/melodic/api/nav_msgs/html/msg/Odometry.html}}
}

@misc{chrono6,
	title = "{Publishing Odometry Information over ROS}",
	howpublished = {\url{http://wiki.ros.org/navigation/Tutorials/RobotSetup/Odom}}
}

@misc{chrono7,
	title = "{ROSbag: Package Summary}",
	howpublished = {\url{http://wiki.ros.org/rosbag}}
}

@misc{followroad3,
	title = "{Introduction to Image Processing}",
	howpublished = {\url{https://www.engineersgarage.com/articles/image-processing-tutorial-applications}}
}

@misc{followroad4,
	title = "{Image Processing}",
	howpublished = {\url{https://www.sciencedirect.com/topics/neuroscience/image-processing}}
}

@misc{followroad5,
	title = "{Image Processing in OpenCV}",
	howpublished = {\url{https://opencv-python-tutroals.readthedocs.io/en/latest/py_tutorials/py_imgproc/py_table_of_contents_imgproc/py_table_of_contents_imgproc.html}}
}

@misc{followroad6,
	title = "{Contours in OpenCV}",
	howpublished = {\url{https://opencv-python-tutroals.readthedocs.io/en/latest/py_tutorials/py_imgproc/py_contours/py_table_of_contents_contours/py_table_of_contents_contours.html#table-of-content-contours}}
}

@misc{followroad7,
	title = "{mavros}",
	howpublished = {\url{http://wiki.ros.org/mavros}}
}

@misc{followroad8,
	title = "{MAVROS}",
	howpublished = {\url{https://dev.px4.io/en/ros/mavros_installation.html}}
}

@misc{followroad2,
	title = "{Topics de ROS}",
	howpublished = {\url{http://wiki.ros.org/Topics}}
}

@misc{followroad16,
	title = "{mavros/Plugins}",
	howpublished = {\url{http://wiki.ros.org/mavros/Plugins}}
}

@misc{followroad9,
	title = "{ROS}",
	howpublished = {\url{http://ardupilot.org/dev/docs/ros.html}}
}

@misc{followroad10,
	title = "{MAVLink}",
	howpublished = {\url{https://en.wikipedia.org/wiki/MAVLink}}
}

@misc{followroad11,
	title = "{MAVLink: protocolo de comunicación para drones}",
	howpublished = {\url{https://www.xdrones.es/mavlink/}}
}

@misc{followroad12,
	title = "{MAVLink Developer Guide}",
	howpublished = {\url{https://mavlink.io/en/}}
}

@misc{followroad13,
	title = "{MAVLink Interface}",
	howpublished = {\url{http://ardupilot.org/dev/docs/mavlink-commands.html}}
}

@misc{followroad14,
	title = "{PX4 Autopilot: DOCUMENTATION}",
	howpublished = {\url{https://px4.io/documentation/}}
}

@misc{followroad15,
	title = "{PX4 Drone Autopilot}",
	howpublished = {\url{https://github.com/PX4/Firmware/blob/master/README.md}}
}